% This file was created with JabRef 2.9.2.
% Encoding: UTF8

@ARTICLE{AMADOR,
  author = {Janete Pereira Amador},
  title = {Análise de s\'{e}ries temporais},
  url = {http://w3.ufsm.br/jpa/CCeTI/S\%E9ries\%20temporais.pdf},
  urlaccessdate = {09.04.2018}
}

@book{BOSAIPO,
  author    = {Cl\'{a}udia Rodel Bos\'{a}ipo}, 
  title     = {APLICAÇÃO DAS REDES NEURAIS NA PREVISÃO DO COMPORTAMENTO DE MERCADOS FINANCEIROS},
  publisher = {Cit},
  year      = {2001},
  address   = {[s. L]}
}

@book{BRAGA,
  author    = {Ant\^{o}nio de P\'{a}dua Braga and Andr\'{e} Carlos Ponce de Leon Ferreir de Carvalho and Teresa Bernarda Ludermir}, 
  title     = {Redes Neurais Artificiais},
  subtitle  = {Teoria e aplica\c{c}\~{o}es},
  publisher = {Gen},
  year      = {2014},
  address   = {Rio de Janeiro},
  edition   = {2}
}

@book{RUSSUEL,
  author    = {Stuart Russuell and Peter Norving}, 
  title     = {Intelig\^{e}ncia Artificial},
  publisher = {Elsevier},
  year      = {2013},
  address   = {Rio de Janeiro},
  edition   = {3}
}

@book{ROSA,
  author    = {João Luiz Garcia Rosa}, 
  title     = {Fundamentos da Intelig\^{e}ncia Artificial},
  subtitle  = {Teoria e aplica\c{c}\~{o}es},
  publisher = {Gen},
  year      = {2011},
  address   = {Rio de Janeiro},
  edition   = {2}
}

@book{FINOCCHIO,
  author    = {Marco Antonio Ferreira Finocchio}, 
  title     = {NO\c{C}\~{O}ES DE REDES NEURAIS ARTIFICIAIS},
  publisher = {UTFPR},
  year      = {2014},
  address   = {Paran\'{a}}
}

@book{OCONNOR,
  author    = {NiallO’Connor and Michael G.Madden}, 
  title     = {A neural network approach to predicting stock exchange movements using external factors},
  publisher = {ELSEVIER},
  year      = {2006},
}

@ARTICLE{CITI,
  title = {Como \'{e} formado o pre\c{c}o de uma a\c{c}\~{a}o?},
  author = {Citi},
  url = {https://www.citicorretora.com.br/lermais_materias.php?cd_materias=53},
  urlaccessdate = {09.04.2018}
}

@ARTICLE{FACURE,
  AUTHOR = {Matheus Facure},
  title = {Funções de Ativação},
  subtitle = {Entendendo a import\^{a}ncia da ativa\c{c}\~{a}o correta nas redes neurais},
  year = {2017},
  url = {https://matheusfacure.github.io/2017/07/12/activ-func/},
  urlaccessdate = {11.04.2018}
}

@ARTICLE{INTRODUCAO,
  title = {Introdução as Redes Neurais Artificiais},
  address = {Florian\'{o}polis},
  publisher = {UFSC},
  year = {2002},
  url = {http://www.gsigma.ufsc.br/~popov/aulas/rna/uteis/RNA_material_apoio.pdf},
  urlaccessdate = {11.04.2018}
}

@ARTICLE{LANHELLAS,
  author = {Ronaldo Lanhellas},
  title = {Redes Neurais Artificiais: Algoritmo Backpropagation},
  url = {https://www.devmedia.com.br/redes-neurais-artificiais-algoritmo-backpropagation/28559},
  urlaccessdate = {11.04.2018}
}

@ARTICLE{EQUIPETORORADAR,
  author = {EQUIPE TORO RADAR},
  title = {Aprenda o que \'{e} e como funciona a Bolsa de Valores},
  url = {https://www.tororadar.com.br/blog/bolsa-de-valores-como-funciona},
  urlaccessdate = {09.04.2018}
}

@ARTICLE{MUELLER,
  author = {Alessandro Mueller},
  title = {UMA APLICA\c{C}\~{A}O DE REDES NEURAIS ARTIFICIAIS NA PREVIS\~{A}O DO MERCADO ACION\'{A}RIO.},
  year = {1996},
  publisher = {Curso de Engenharia de Produ\c{c}\~{a}o, Universidade Federal de Santa Catarina},
   address = {Florian\'{o}polis},
}

@ARTICLE{REPORTERBRASIL,
  author = {Rep\'{o}rter Brasil},
  title = {Entenda como funciona o mercado de a\c{c}\~{o}es e o que s\~{a}o as bolsas de valores},
  year = {2015},
  url = {http://www.ebc.com.br/noticias/economia/2015/08/entenda-como-funciona-o-mercado-de-acoes-e-o-que-sao-bolsas-de-valores},
  urlaccessdate = {23.03.2018}
}

@ARTICLE{FOGACA,
  author = {Andr\'{e} Foga\c{c}a},
  title = { OS 10 H\'{A}BITOS DE SUCESSO DOS INVESTIDORES EM VALOR},
  year = {2018},
  publisher = {Guiainvest}
  
}

@ARTICLE{GIACOMELL,
  author = {Felipe dos Santos Giacomell},
  title = {Um M\'{e}todo Algor\'{i}tmico para Opera\c{c}\~{o}es na Bolsa de Valores Baseado em Ensembles de Redes Neurais para Modelar e Prever os Movimentos dos Mercados de A\c{c}\~{o}es},
  year = {2016},
  publisher = {Universidade Federal do Rio Grande do Sul},
  address = {Porto Alegre}
}

@ARTICLE{IBOVESPA,
  title = {Índice Bovespa (Ibovespa)},
  url = {http://www.bmfbovespa.com.br/pt_br/produtos/indices/indices-amplos/indice-bovespa-ibovespa.htm},
  urlaccessdate = {09.04.2018}, 
  address = {Brasil}
}

@ARTICLE{PEDROSO,
  author = {Ricardo Cunha Pedroso},
  title = {Analise de S\'{e}ries Temporais Financeiras},
  year = {2015},
  publisher = {Universidade Federal do Rio de Janeiro},
  url = {http://www.im.ufrj.br/estatistica/web/wp-content/uploads/2016/04/2015_ricardo_cunha_pedroso.pdf},
  urlaccessdate = {09.04.2018},
  address = {Rio de Janeiro}
}
